1939 3676
283 114 814 172 TETRADYN.
891 114 1032 162 sii„
1068 114 1436 177 1QUosA.
1581 120 1673 165 515

286 264 432 313 ardi
470 263 594 313 tab.
637 265 771 313 331.
807 264 913 310 sola
942 274 1173 325 excepta,
1212 280 1319 310 non
1352 264 1413 310 ad
1444 262 1681 310 BaEru-

289 342 614 380 castrum.
669 331 863 379 Linn.
901 330 990 378 sed
1028 333 1144 378 luce
1183 334 1402 390 elusim,
1438 331 1499 377 ad
1537 333 1684 393 plan-

285 411 395 447 tam
431 411 775 461 spontaneam
813 415 906 446 seu
938 410 1281 461 campestrem
1320 399 1379 450 Β.
1420 397 1684 446 Erucae

290 466 534 531 pertinet.

225 573 350 620 Sine
405 571 563 618 dubio
615 570 1041 630 01.Μιιιϊη
1096 574 1312 620 demum
1365 573 1419 619 in
1470 573 1512 619 Ι
1535 574 1684 624 inn

65 650 444 706 systemate
483 641 995 701 vegetabilium
1034 641 1190 693 edito,
1235 641 1406 688 subB
1450 641 1688 687 Eruca-

66 722 213 759 stro
259 707 403 755 foliis
455 709 773 765 1·unei111tis‚
827 710 971 752 clule
1008 707 1239 769 hispido,
1291 709 1491 769 siliquis
1528 710 1689 756 laevi-

63 777 190 835 bus,
230 792 349 821 cum
391 774 475 822 Cl
516 774 997 822 Willdenovio
1050 777 1241 823 exclus
1293 775 1539 822 omnibus
1578 777 1687 822 fere

66 843 368 906 synonymis
420 843 678 904 allegatis,
729 842 786 890 B.
826 841 1116 886 Erucam
1165 853 1512 904 spontaneam
1548 858 1689 889 com·

66 911 439 975 prehendebat.

70 1036 219 1086 Obs.
294 1037 531 1083 Plantam
569 1031 625 1080 B.
669 1033 932 1081 Erucae
971 1045 1331 1097 spontaneam,
1372 1035 1477 1082 vidi
1512 1035 1570 1081 in
1609 1050 1692 1081 va-

227 1103 318 1150 riis
344 1100 613 1162 hispaniae
634 1102 765 1148 arvis
791 1113 840 1147 et
864 1103 1241 1164 campestribus
1265 1105 1485 1149 omnino
1509 1119 1692 1166 quam-

230 1171 460 1216 maxime
484 1170 905 1232 polymorpham:
943 1171 1023 1216 Ca
1041 1172 1133 1217 uli
1154 1170 1183 1215 b
1204 1186 1233 1215 u
1250 1187 1271 1216 s
1304 1171 1693 1227 triuncialibus,

227 1237 501 1301 pedalibus
527 1247 573 1279 et
599 1237 885 1292 anim-ibam,
917 1237 1154 1300 hispidis,
1185 1249 1234 1282 et
1255 1238 1471 1285 hirsutis
1495 1239 1692 1300 pilosis.

230 1305 271 1352 F
289 1320 317 1350 o
338 1303 457 1351 liis
497 1318 701 1365 semper
737 1305 1030 1352 runcinatis
1055 1307 1247 1365 lymtis,
1288 1307 1418 1353 lobis
1448 1306 1694 1367 inaequa-

228 1371 400 1428 libus,
453 1370 635 1416 obtuse
674 1381 723 1415 et
759 1372 1084 1420 acutiuscule
1123 1374 1368 1432 sinuatis,
1407 1374 1693 1435 majoribus

233 1449 287 1486 et
323 1437 644 1496 minoi-ibim,
683 1440 898 1499 glabris,
936 1440 1182 1503 hispidis,
1221 1441 1457 1503 pilosulis
1493 1441 1693 1486 etsub-

230 1506 462 1554 hirsutis.
537 1506 921 1554 Pedicellis
971 1511 1144 1569 calyce
1184 1508 1402 1555 deciduo
1447 1507 1699 1554 breviori-

233 1575 328 1620 bus
377 1583 427 1618 et
473 1573 814 1634 longioribus,
888 1574 928 1620 C
947 1577 1188 1623 orollis
1239 1576 1453 1631 albidis,
1505 1576 1697 1638 saepis·

234 1641 367 1690 sime
404 1640 573 1687 albide
604 1669 622 1676 -
651 1640 1053 1689 flavescentibus
1076 1679 1087 1699 ,
1123 1644 1286 1689 rarius
1326 1643 1473 1690 flavis
1495 1678 1509 1700 ‚
1561 1658 1697 1689 sem-

232 1725 326 1772 per
381 1709 529 1754 venis
579 1707 726 1754 fusco
749 1736 769 1745 -
791 1709 1170 1770 nigricantibus
1221 1710 1532 1758 reticulatis.
1604 1709 1700 1756 Si-

232 1777 446 1837 liquis
496 1777 613 1839 plus
649 1777 897 1823 minusve
932 1776 1160 1836 inflatis,
1197 1777 1386 1839 glabris
1408 1815 1421 1836 ‚
1457 1777 1607 1824 hirtis
1645 1785 1698 1823 et

237 1843 431 1906 pilosis.

371 1945 538 1995 Eruca
574 1948 847 2011 hispida
882 1951 938 1996 in
978 1965 1138 2013 regno
1172 1951 1520 2014 Neapolitano
1543 1966 1568 1997 a
1602 1951 1642 1998 C
1665 1953 1697 2002 1.

237 2016 509 2064 Tenore
561 2018 632 2062 in
682 2018 816 2067 Cat.
871 2017 934 2066 H.
974 2019 1250 2081 Neapol.
1288 2021 1470 2077 citata,
1519 2019 1608 2065 vix
1642 2033 1701 2065 ac

234 2100 304 2153 ne
343 2084 429 2131 vix
464 2099 493 2130 a
529 2097 705 2131 nostra
739 2086 948 2148 planta,
999 2088 1170 2149 specie
1205 2087 1408 2135 diversa
1445 2096 1536 2135 est.

78 2208 387 2267 Pharm·
468 2206 748 2265 ERUCAE
800 2207 1061 2266 Semina.

239 2341 455 2390 Semina
491 2341 661 2398 acria,
707 2342 1118 2401 rubefaeientia,
1170 2344 1528 2403 stimulantia,
1578 2345 1702 2421 aph-

78 2409 347 2459 rodisiaca.
418 2407 629 2456 Excitat
676 2409 738 2454 ad
778 2425 1028 2458 venerem
1063 2411 1235 2459 tardos
1271 2412 1441 2460 Eruca
1473 2413 1700 2463 maritos.

77 2475 274 2526 Erucas
308 2476 465 2541 jubeo
504 2475 665 2522 vitare
701 2478 909 2527 salaces.
984 2477 1175 2531 Ovid

242 2593 422 2641 Herba
475 2594 613 2658 apud
650 2594 839 2651 Italos,
891 2595 1190 2660 Hispanos,
1231 2598 1405 2649 Gallos
1442 2601 1502 2650 in
1538 2613 1702 2650 aceta-

79 2660 171 2709 riis
220 2673 515 2725 usurpatur,
585 2662 769 2710 Planta
805 2665 1025 2710 omnino
1075 2666 1494 2722 antiscorbutica.
1565 2671 1706 2718 Lau-

80 2727 167 2843 {Zt
216 2729 494 2845 dlecoctum
556 2728 760 2778 Erucae
808 2730 867 2778 in
915 2731 1173 2794 pertinaci
1222 2734 1492 2789 infantum
1543 2744 1705 2794 tussi,

160 2806 224 2843 at
288 2797 488 2849 iolus.

242 2961 368 3020 pag,
419 2959 541 3003 101.
584 2942 881 2997 SINAPIS
924 2945 1135 3031 nigra.
1182 2948 1363 3008 Linn.

84 3075 298 3137 Icon.
379 3077 551 3137 Flor.
600 3080 764 3139 Dan·
818 3080 938 3138 tab.
999 3076 1157 3136 1582.

937 3177 990 3230 K
1022 3172 1057 3230 k
1089 3196 1122 3231 2
