1939 3676
181 100 279 163 ³7²
419 88 992 143 ICOSANDRIA
1050 87 1614 144 'POLYGYNI-A.

181 246 257 306 H
268 267 306 305 α
325 244 375 303 b.
460 235 627 294 Circa
662 237 760 299 W
761 237 995 298 iesloch
1039 233 1102 290 in
1147 233 1402 292 dumetis
1444 233 1550 292 ubi
1594 254 1723 295 eam
1765 236 1850 294 le-

345 317 427 397 git
469 315 857 373 amicissimus
900 318 1286 380 Mlirklinus·

249 462 450 513 Nota.
525 457 610 507 Ad
656 455 884 505 rariores
922 456 1108 505 Florae
1147 459 1287 507 cives
1326 459 1554 508 omnino
1591 457 1845 524 pertinet·

415 530 482 578 In
518 529 672 576 horto
713 524 1090 576 Carlsruhensi
1130 529 1300 589 culta,
1343 541 1610 579 constans.

341 685 471 748 pag.
518 664 653 740 429.

186 803 492 924 765.Η
559 806 788 891 RosA
847 802 1428 925 provincialis

296 972 351 1035 β.
401 962 465 1015 R.
509 963 858 1040 cencg'f'olia.
942 965 1128 1023 Linn.

264 1084 324 1146 V
325 1106 419 1144 ezr.
465 1079 641 1136 Flore
684 1078 943 1160 simplici
989 1079 1340 1137 rubicundo.

215 1193 221 1217 ³
297 1204 453 1258 Rosa
491 1203 890 1288 germanica·
977 1204 1287 1261 Mci'rklin.

170 1327 295 1388 Ha
317 1327 366 1386 b.
452 1325 648 1401 Prope
679 1324 1014 1390 Wiesloch
1058 1318 1120 1375 in
1166 1316 1420 1376 dumetis
1464 1318 1568 1376 ubi
1602 1340 1729 1376 eam
1757 1321 1839 1379 le-

335 1401 420 1483 git
460 1400 831 1458 acutissimus
875 1403 1259 1464 ch'irlzlinus.

337 1525 532 1586 Rami
573 1519 935 1580 subflexuosi
981 1517 1223 1602 hispidi.
1307 1523 1659 1586 Pedana-uli
1698 1518 1878 1599 solis

168 1603 336 1671 tarii,
381 1602 749 1672 terminales,
793 1600 1071 1671 uniflori‚
1115 1598 1354 1683 hispidi.
1440 1605 1672 1664 Petioli
1698 1602 1837 1658 sub-

167 1683 422 1767 hispidi,
478 1683 685 1741 rariter
737 1699 795 1740 et
852 1683 1115 1740 obsolete
1171 1681 1501 1746 aculeola1i‚
1581 1685 1840 1745 Foliola

171 1767 390 1844 quina,
451 1780 650 1834 ova-ta,
696 1761 1270 1832 ..dentato—serrata,
1330 1761 1636 1820 serraturis
1696 1764 1836 1820 sub-

173 1844 568 1925 glandulosiS,
625 1844 832 1902 subtus
892 1844 1114 1903 villosa.
1230 1847 1502 1908 Germen
1560 1858 1837 1914 ovatum,

165 1925 563 2008 hispidulum.

230 2068 430 2121 Nota.
503 2068 588 2118 Ad
644 2068 938 2118 rarissimas
991 2068 1190 2117 Florae
1231 2067 1373 2116 cives
1424 2067 1676 2132 pertinet.
1764 2067 1835 2118 In

397 2138 552 2186 horto
593 2138 970 2188 Carlsruhensi
1008 2139 1178 2198 culta,
1216 2149 1483 2186 constans.

231 2245 428 2297 Nota.
505 2247 788 2295 Summam
825 2263 1040 2312 semper
1075 2246 1134 2293 in
1173 2247 1584 2296 excursionibus
1623 2247 1834 2298 botani-

396 2316 489 2374 cis,
528 2318 667 2364 ultra
702 2332 770 2379 40
807 2332 975 2364 annos
1014 2316 1292 2381 hucusque
1329 2332 1530 2376 curam,
1566 2317 1831 2368 Rosarum

398 2384 678 2447 speciebus
729 2384 990 2449 impendi.
1069 2385 1233 2433 Rosas
1282 2384 1343 2433 in
1382 2384 1608 2436 diversis
1644 2386 1830 2451 magni

397 2453 641 2502 Ducatus
680 2464 732 2502 et
768 2453 1131 2518 adjacentibus
1166 2454 1509 2518 regionibus,
1559 2471 1672 2503 non
1711 2456 1829 2504 sine

395 2523 671 2581 molestia,
723 2534 968 2588 tempore
1007 2523 1442 2573 inflorescentiae
1495 2535 1546 2573 et
1596 2533 1828 2573 matura-

393 2591 560 2639 tionis
583 2591 864 2641 baccarum
886 2592 1048 2656 probe
1084 2592 1306 2650 contuli,
1348 2593 1625 2658 descripsi,
1655 2594 1825 2641 maxi·

395 2675 592 2723 maque
648 2677 713 2711 ex
775 2674 922 2726 parte
989 2663 1050 2710 in
1105 2663 1322 2709 hortum
1381 2661 1826 2711 Carlsruhensem

394 2731 812 2793 transplantavi,
852 2732 1287 2793 mutationesque
1326 2746 1453 2794 quas
1492 2733 1701 2781 cultura
1736 2748 1828 2795 pa·

393 2797 667 2846 tiebantur
715 2801 1008 2852 observavi,
1084 2798 1168 2847 Ob
1220 2815 1488 2848 summam
1526 2800 1666 2866 apud
1719 2800 1826 2849 Ro-

391 2883 470 2914 sas
509 2869 822 2930 praesertim
864 2885 930 2916 ex
968 2869 1068 2918 hoc
1103 2878 1346 2932 tempore
1384 2869 1525 2934 apud
1561 2869 1825 2930 auctores,

388 2935 726 3000 floristasque
777 2939 1085 3002 germaniae
1151 2948 1203 2985 et
1271 2938 1492 3002 galliae,
1549 2954 1651 2988 nec
1710 2944 1826 2988 nori

389 3005 677 3069 praecipue
735 3006 793 3053 in
846 3005 1255 3072 Monographiis
1306 3007 1369 3053 de
1408 3007 1547 3057 Rosa
1582 3009 1822 3057 confusi-

390 3089 588 3132 onem,
639 3076 824 3123 omnia
882 3091 1179 3140 synonyma
1216 3076 1459 3136 incerta,
1512 3093 1647 3141 quae
1683 3078 1826 3126 mire

389 3142 767 3194 confusionem
816 3144 1113 3211 adaugent,
1172 3144 1353 3194 studio
1391 3146 1567 3202 omisi.
1639 3147 1823 3197 Pruri-
