1939 3676
218 138 800 203 PENTA'NDRIA
871 143 1437 196 MONOGYNIA.
1569 145 1658 192 181

157 295 280 350 Uva
312 292 559 348 barbata.
611 293 1179 369 Tabernoernonc.p·
1220 288 1379 363 1287-
1414 289 1584 348 Icon-

154 431 275 486 Uva
322 446 642 485 monstrosa
686 427 932 483 barbata.
991 428 1141 486 Joh.
1171 426 1366 486 Baulz-
1408 426 1542 483 hist.
1573 424 1663 501 pl-

283 528 332 565 2.
365 535 432 590 p.
488 509 577 584 75.
623 510 795 568 lcon-

40 648 248 710 Icon.
327 648 622 726 Propria·
714 645 906 704 Gmel.
946 645 982 700 l.
1020 665 1067 700 c.
1106 642 1280 701 Icon-

49 785 288 843 Germ-
368 782 771 842 Barteraube·
865 779 1384 841 qundertt-aube.

42 924 164 982 Ha
185 924 234 981 b.
318 922 385 974 In
428 919 590 974 vinea
625 934 816 996 prope
851 917 1022 976 Biihl
1063 930 1121 976 et
1158 915 1370 974 Baden
1410 908 1513 964 ubi
1547 928 1671 964 cam

207 996 323 1054 vidi
376 998 511 1051 1811
559 1011 614 1050 et
664 995 823 1067 1819.
911 997 1101 1074 Prope
1144 994 1577 1053 Friedelsheim
1612 987 1673 1042 in

209 1075 531 1134 Palatinam
563 1072 699 1150 legit
730 1071 1157 1129 Illustrissimus
1183 1070 1466 1151 princeps
1487 1070 1677 1128 Erne-

205 1171 337 1218 stas
382 1151 645 1210 Marchio
691 1150 956 1209 Badensis
1005 1155 1173 1211 Anno
1224 1147 1385 1228 1599.

207 1313 373 1362 Venit
412 1329 477 1360 ex
514 1329 645 1361 uvae
681 1312 800 1359 vitis
841 1312 1090 1359 varietate
1130 1309 1451 1359 nostratibus
1489 1306 1677 1362 Elbe,

45 1382 286 1434 Elbtra
306 1382 463 1440 ube,
501 1381 791 1430 Elbelin
829 1391 967 1430 nota.
1040 1380 1129 1428 De·
1161 1380 1262 1427 hac
1284 1375 1678 1425 monstrositate

45 1452 246 1514 ineigni
286 1450 426 1498 Joh.
469 1450 549 1497 Ba
573 1449 733 1496 uhin
755 1464 822 1495 us
866 1450 899 1498 l.
940 1463 984 1496 e.
1023 1447 1235 1496 scribit:
1312 1447 1411 1493 Res
1452 1458 1576 1490 sane
1602 1457 1680 1489 ra-

44 1525 129 1569 ra!
182 1534 282 1564 nec
329 1519 469 1583 vulgi
523 1518 679 1564 modo
731 1531 943 1562 rumore
980 1531 1180 1578 sparsa,
1233 1513 1331 1562 sed
1374 1511 1682 1575 principum

51 1603 171 1634 cura
210 1585 415 1648 cognita
455 1595 505 1630 et
540 1585 601 1630 ad
640 1594 977 1646 prototypum
1009 1583 1227 1644 depicta,
1267 1581 1530 1628 Racemus
1558 1592 1680 1623 uva·

46 1670 167 1703 rum
220 1662 294 1699 est
332 1653 579 1713 geminus
618 1667 710 1697 suo
741 1651 961 1712 quisque
997 1650 1243 1713 pediculo
1281 1646 1561 1695 communi·
1604 1659 1683 1702 ra-

46 1739 135 1770 mo
165 1721 401 1769 haerenS.
476 1719 591 1766 Hoc
621 1720 875 1765 naturale.
950 1720 1018 1766 At
1056 1730 1274 1775 uterque
1313 1730 1459 1762 coma
1499 1713 1684 1774 obsep-

46 1799 132 1837 tus
173 1797 280 1833 erat
318 1786 534 1842 crinita,
573 1785 892 1832 flavescente
930 1784 995 1830 ad
1025 1784 1155 1830 duos
1183 1784 1296 1830 fere
1333 1781 1537 1828 cubitos
1570 1781 1683 1826 lon-

49 1872 138 1920 ga,
196 1854 409 1900 inferne
456 1855 514 1900 in
567 1868 736 1899 unum
775 1852 951 1913 iuncta
991 1862 1044 1898 et
1080 1851 1328 1898 confusa:
1403 1848 1523 1895 Hoc
1561 1862 1685 1893 vero

46 1937 254 1972 novum
286 1932 412 1978 -est,
460 1932 614 1982 atque
651 1929 1031 1968 monstrosum.
1104 1918 1374 1966 Picturam
1424 1932 1547 1963 cum
1600 1913 1688 1959 de-

49 1991 334 2054 scriptione
373 2004 436 2034 ex
472 1989 807 2044 authentico,
849 1986 912 2033 ad
946 2002 1034 2034 me
1070 1987 1252 2043 misit,
1293 1985 1384 2034 CL
1422 1984 1488 2033 D.
1521 1983 1688 2030 Ren-

48 2060 270 2116 tzius,
322 2056 486 2106 fontis
526 2055 849 2103 admirabilis
888 2054 1132 2103 medicus
1171 2052 1437 2102 Bollensis
1479 2050 1689 2111 ordina-

48 2127 189 2175 rium·
273 2123 487 2172 Dicitur
540 2123 601 2170 ab
659 2122 1019 2171 Illust1·issirno
1088 2122 1336 2185 Principe
1392 2119 1692 2168 Ernesto

52 2192 367 2241 Marchione
414 2191 641 2238 Radensi
686 2200 921 2254 repertus
969 2205 1130 2254 prope
1180 2185 1691 2237 Friedelsheim

51 2262 110 2308 in
149 2262 438 2323 palatinatu
475 2275 614 2307 anno
646 2260 804 2322 1599,
842 2266 894 2304 et
927 2257 1224 2306 Durlacum
1264 2256 1456 2304 missus
1492 2265 1550 2305 ut
1578 2267 1692 2314 spe-

56 2329 244 2375 ctaculi
293 2328 477 2373 eicone
513 2338 669 2372 tenus
708 2326 770 2372 ad
800 2326 1181 2389 posteritatem
1236 2329 1443 2387 qnoque
1480 2320 1690 2368 rediret.

52 2396 232 2458 Hujus
297 2394 455 2442 etiam
509 2393 587 2440 rei
650 2392 814 2439 fidem
864 2392 1018 2439 nobis
1071 2392 1202 2438 fecit
1265 2388 1696 2440 Laurentius

52 2464 174 2525 Zys
195 2479 289 2518 ar,
330 2462 420 2524 qui
459 2470 510 2506 et
547 2459 739 2508 vidisse
772 2469 822 2505 et
851 2459 1161 2520 diligentius
1194 2457 1551 2506 consideratos
1583 2469 1693 2501 ma·

50 2531 209 2580 nibus
246 2531 523 2595 palpasse,
550 2527 614 2575 ad
651 2526 882 2573 eundem
919 2526 1303 2574 Rentzium
1340 2524 1561 2590 scri-psit.

120 2674 322 2726 Notat
384 2670 530 2720 Uvae
566 2671 808 2718 barbatae
843 2671 877 2717 1.
918 2686 971 2720 ο.
1005 2671 1126 2718 1811
1165 2680 1215 2716 et
1256 2670 1382 2730 1819
1417 2683 1445 2714 a
1479 2681 1568 2713 me
1605 2664 1693 2714 dc-

285 2751 535 2803 gustatae‚
573 2752 825 2796 maturae,
860 2737 1055 2792 dulces,
1098 2737 1317 2801 sapidae.
1357 2735 1695 2782 Filamen-

282 2819 348 2855 ta
386 2808 594 2870 copiosa
655 2821 681 2854 2
705 2835 724 2843 -
747 2808 775 2853 3
800 2822 871 2869 -4
922 2805 1162 2869 pedalia,
1212 2803 1426 2861 tenuia,
1480 2801 1695 2849 barbam

284 2876 700 2939 pulcherrimam
737 2872 1070 2927 mentientia,
1110 2888 1174 2920 ex
1208 2871 1382 2920 baccis
1421 2880 1473 2918 et
1512 2884 1695 2916 earum

280 2943 478 3008 passim
507 2941 801 2991 seminibus
842 2950 951 2990 orta
998 2949 1139 2990 sunt„
