1939 3676
319 135 841 187 OCTANDRIA
910 137 1362 194 TRIGYNIA.
1562 159 1654 209 271

98 282 286 332 Nota.
357 283 568 346 Species
616 299 679 331 ex
729 285 784 334 P.
838 288 1098 334 minori
1146 300 1197 336 et
1247 291 1304 341 P.
1356 290 1660 339 Persica-

261 350 364 399 ria
394 361 501 397 orta
538 349 789 412 hybrida:
832 354 991 401 Caule
1031 358 1271 419 elongato
1307 358 1661 405 adscendente

265 419 656 476 ramosissimo,
693 419 834 467 foliis
872 422 1059 468 lineari
1082 452 1099 459 -
1121 425 1422 471 lanceolatis
1459 427 1624 472 acutis
1646 462 1661 483 ‚

269 485 666 547 glabriusculis‚
715 489 925 550 spiculis
964 501 1101 536 arcte
1140 493 1537 554 vaginantibus‚
1577 493 1662 539 ad-

268 568 444 614 presse
468 553 765 611 -setulosis,
803 556 1011 613 efflatis,
1050 558 1204 620 spicis
1243 560 1540 621 cylindrieis
1580 561 1664 606 in-

270 620 535 678 crassatis,
573 621 910 686 interruptis,
947 623 1162 670 floribus
1201 627 1477 674 hexandris
1509 629 1663 674 semi-

270 686 476 750 digynis
514 697 564 733 et
599 690 990 750 semin-igynis,
1044 691 1162 750 styli
1200 695 1430 753 partibus
1470 695 1664 742 distan-

266 754 448 813 tibus,
496 756 753 816 calycibus
804 756 1152 817 eglandulosis
1190 760 1529 810 subenerviiS.
1600 765 1666 809 ln

268 823 403 884 agris
473 823 736 869 umbrosis
796 824 858 869 ad
922 824 1219 883 marginem
1277 830 1445 887 sylvae
1503 845 1667 891 prope

273 889 623 936 Neureith
669 890 809 935 inter
862 891 918 939 P.
971 891 1197 938 minus
1247 904 1297 939 et
1349 895 1405 942 P.
1445 896 1667 942 Persi-

276 957 530 1002 cariam
568 957 698 1018 legit
733 958 1062 1004 acutissimus
1100 962 1160 1010 A,
1201 959 1427 1008 Braun
1458 998 1470 1020 ‚
1510 979 1668 1024 quam

271 1024 366 1070 sub
404 1024 673 1085 Polygono
722 1026 1448 1076 minore-Persicaria
1485 1031 1668 1076 adum-

271 1089 451 1138 bravit.
527 1089 743 1137 Semina
796 1091 921 1138 dicit
971 1094 1204 1156 proferre
1258 1099 1405 1144 nulla
1439 1107 1528 1144 aut
1566 1099 1670 1144 im-

273 1157 519 1221 pei-fecta,
592 1158 693 1205 Sed
745 1158 964 1219 Caules,
1015 1160 1162 1210 Folia
1211 1175 1264 1211 et
1300 1165 1478 1213 Flores
1514 1167 1670 1214 luxu-

275 1226 430 1277 riant,

209 1389 335 1450 pag.
391 1369 511 1446 178.
557 1372 599 1423 P
617 1386 651 1424 Ο
672 1388 703 1423 L
723 1388 752 1425 Y
770 1385 807 1425 G
825 1389 859 1424 O
876 1387 912 1425 N
932 1390 966 1425 U
983 1389 1028 1426 M
1068 1377 1406 1437 aviculare.

49 1487 261 1546 Icon.
343 1490 495 1552 Sow.
552 1491 733 1575 Engl.
795 1491 930 1549 Boc.
995 1497 1116 1554 [ab.
1200 1493 1360 1551 1252.

213 1652 340 1711 pag,
392 1633 511 1693 181.
557 1637 598 1687 P
615 1651 650 1687 O
670 1651 700 1687 L
719 1653 750 1689 Y
770 1652 806 1689 G
825 1654 859 1687 0
878 1653 914 1690 Ν
931 1654 1026 1692 UM
1067 1643 1482 1726 Fagopyrum·

50 1750 257 1809 Icon·
339 1752 491 1812 Sow.
546 1754 729 1839 Engl.
776 1757 897 1816 bol.
946 1758 1066 1815 tab.
1123 1761 1287 1828 1044.

215 1916 340 1974 pag.
395 1915 412 1950 1
427 1895 515 1950 82.
568 1899 609 1949 P
625 1913 660 1950 ο
679 1915 709 1950 L
728 1915 760 1952 Y
776 1913 814 1952 G
832 1916 867 1952 0
882 1916 919 1954 N
937 1918 972 1954 U
986 1918 1029 1955 M
1078 1905 1513 1973 Convolvulus.

33 2014 272 2074 Icon.
354 2016 509 2076 Sow.
563 2018 744 2102 Engl·
799 2019 938 2078 Boc.
990 2024 1111 2080 tab.
1164 2026 1296 2097 941.

221 2206 782 2263 OCTANDRIA
861 2211 1508 2274 TETRAGYNIA.

222 2371 346 2430 pag.
402 2351 521 2408 186.
569 2355 819 2407 ADOXA
865 2359 1377 2421 Moschcttellina·

60 2470 273 2530 Icon.
354 2473 511 2534 SOW.
560 2473 740 2557 Engl.
790 2474 926 2533 Boc.
973 2478 1093 2535 tab.
1145 2475 1276 2548 453.

62 2608 254 2668 Hah.
337 2609 405 2661 In
449 2605 764 2673 dumetosis
817 2608 964 2664 circa
1023 2615 1365 2675 Weinheim
1409 2615 1678 2692 frequens

223 2685 325 2740 ubi
366 2706 499 2741 cum
543 2686 890 2744 amicissimo
950 2694 1176 2752 Heinse
1223 2692 1357 2747 artis
1410 2711 1678 2752 veterano

219 2761 338 2820 Vidi
373 2771 534 2827 Ann.
591 2767 750 2821 1811.
811 2767 974 2823 Circa
1006 2774 1347 2833 Wertheim
1381 2773 1442 2828 in
1477 2772 1680 2831 dumc-

230 2841 297 2896 tis
332 2863 518 2923 prope
559 2847 813 2926 Urphar
845 2863 883 2907 t.
916 2852 995 2909 D.
1030 2852 1323 2911 Wibelio.
1388 2855 1456 2907 In
1493 2858 1679 2932 Marg-

227 2920 482 2997 graviatu
518 2924 807 3002 superiori
845 2924 905 2980 in
947 2926 1193 2983 dumetis
1234 2928 1305 2984 ad
1335 2950 1544 2987 novam
1576 2931 1678 2988 do-

226 3019 391 3055 mum
433 3017 488 3056 et
526 3008 800 3067 lsVlesam
853 3004 914 3063 in
946 3025 1183 3065 nemore
1219 3008 1498 3089 Wylensi‚
1528 3026 1566 3073 c.
1600 3016 1679 3074 D.

229 3080 452 3168 Hagen
461 3083 699 3145 bachio.
