1939 3676
163 97 266 161 273

433 76 1046 142 ENNEANDRIA
1111 83 1578 137 TRIGYNIA:

331 238 773 308 pravioribusque
803 273 817 293 ‚
895 233 1345 299 subponderosi83
1414 231 1831 300 parenchymate

333 308 523 367 solido,
563 308 743 355 minus
782 304 985 353 friabili
1025 320 1052 350 e
1087 303 1586 353 rubicundo-luteo
1614 312 1664 348 et
1687 299 1831 348 albo-

335 380 633 440 variegato3
701 374 869 438 quod,
924 384 1170 422 recenter
1220 374 1559 442 pulveratum
1610 369 1720 419 abit
1770 371 1834 417 in

330 449 610 513 pulverem
647 444 1026 498 subcroceum‚
1066 441 1284 492 demum
1317 442 1520 491 sensim
1548 439 1834 489 rubescen-

330 528 462 566 tem.
554 512 897 566 Masticatum
948 511 1174 560 solvitur
1222 512 1282 559 in
1331 527 1457 570 ore,
1524 511 1567 558 si
1626 508 1835 556 bonum

335 582 793 650 quemadmodum
846 580 1010 630 etiam
1070 579 1395 638 Sibificum,
1454 578 1686 626 deterior
1738 595 1833 625 au-

332 667 444 704 tem
497 654 722 701 varietas
761 651 858 701 sub
898 649 1267 698 masticatione
1305 659 1464 697 tenax
1502 660 1554 697 et
1604 646 1839 695 indisso-

333 722 518 773 lubilis
561 719 1002 786 deprehenditur.
1094 718 1388 768 Sibit·icum
1428 717 1835 766 Rhabarbarum

333 793 506 855 magis
543 792 927 855 spongiosum,
965 787 1207 847 friabile,
1248 789 1362 836 leve
1387 823 1400 844 ,
1438 787 1698 854 pallidum
1738 801 1838 834 seu

336 861 991 915 albescenti-lutescen83
1056 855 1416 909 Chinense
1476 872 1596 904 vero
1664 855 1836 916 magis

334 930 567 984 solidum
594 966 607 988 ‚
677 928 1039 991 ponderosum
1064 963 1077 983 ,
1155 926 1352 975 durum
1430 936 1483 972 et
1550 924 1835 974 saturatius

335 1001 587 1052 tinctum.
663 997 873 1047 Colitur
920 996 1022 1043 hoc
1071 1011 1099 1045 a
1138 994 1504 1050 Chinensibus
1552 993 1840 1062 praecipue

336 1071 394 1120 in
449 1066 727 1132 provincia
777 1065 945 1113 Xensi
997 1064 1094 1112 sub
1160 1062 1387 1120 nomine
1456 1062 1839 1127 Taiboang.

337 1137 551 1200 Hyeme
591 1134 929 1187 effodiuntur
964 1132 1166 1182 radices
1197 1145 1352 1196 atque
1379 1133 1439 1181 in
1463 1133 1676 1182 taleolas
1701 1146 1842 1178 eras-

337 1223 419 1257 sas
463 1203 811 1259 dividuntur,
866 1219 1025 1251 succo
1081 1203 1283 1251 viscoso
1323 1201 1651 1260 distillante,
1704 1215 1841 1263 quae

337 1278 563 1327 taleolae
603 1274 660 1321 in
697 1274 899 1326 niensis
937 1288 1065 1320 mox
1102 1283 1478 1335 reponuntur,
1514 1270 1572 1318 in
1613 1269 1803 1318 umbra
1826 1304 1841 1326 ,

339 1344 632 1408 crebroque
672 1359 767 1407 per
805 1340 949 1389 diem
990 1343 1374 1398 revolvuntur,
1415 1351 1475 1388 ut
1511 1356 1700 1389 succus
1731 1354 1843 1386 non

340 1413 579 1471 defluat,
631 1411 723 1461 sed
773 1411 978 1462 sensim
1029 1409 1373 1460 absorbeatur
1408 1419 1461 1456 et
1498 1418 1841 1463 concrescat,

335 1500 442 1548 quo
479 1482 650 1537 facto,
689 1481 964 1531 transactis
1004 1496 1099 1544 per
1134 1480 1251 1532 illas
1290 1479 1583 1533 funiculis,
1621 1478 1682 1527 in
1721 1477 1843 1524 aere

336 1553 542 1606 libero,
599 1551 841 1612 itemque
896 1551 1010 1601 loco
1065 1548 1358 1608 umbroso,
1415 1546 1839 1611 suspenduntur.

337 1621 421 1677 Ex
460 1619 656 1671 radicis
694 1618 926 1672 recentis
977 1617 1128 1670 libris
1181 1627 1421 1683 septem,
1476 1617 1563 1669 vix
1617 1631 1724 1665 una
1770 1616 1845 1664 al-

338 1701 521 1743 terave
573 1691 766 1738 siccata
817 1686 1111 1740 obtinetur.
1196 1685 1532 1737 Nievhov.
1611 1686 1841 1749 Legat.

338 1759 569 1817 Batav,
627 1774 669 1815 2.
727 1774 777 1821 p.
829 1758 908 1810 81.
997 1757 1265 1806 Rheum
1333 1755 1726 1806 Sibiricum
1784 1753 1846 1801 in

295 1867 299 1871 -
339 1828 535 1881 Sibiria
585 1844 698 1877 non
750 1826 970 1883 crescit,
1027 1826 1118 1874 sed
1157 1838 1234 1873 sat
1281 1827 1495 1890 copiose
1534 1825 1590 1870 in
1630 1833 1846 1875 monto-

342 1900 412 1947 sis
452 1897 779 1961 Mongaliae.
857 1895 1147 1960 Optimum
1185 1907 1238 1942 et
1269 1894 1679 1943 selectissimum
1708 1891 1847 1946 Rha-

340 1967 630 2019 barbarum
667 1973 856 2031 sponte
894 1962 1084 2012 crescit
1122 1963 1261 2026 apud
1297 1961 1581 2025 Mongalos
1614 1961 1849 2009 orienta-

338 2037 416 2091 les
470 2035 530 2084 ad
578 2035 732 2089 Soczi
783 2034 844 2085 in
884 2034 1081 2083 vicinia
1121 2032 1343 2084 Chinae.
1435 2032 1724 2081 Recueil
1766 2030 1845 2077 de

341 2105 668 2170 Voyages
717 2118 800 2149 au
851 2101 1270 2154 Nord.'r01n.
1317 2118 1402 2154 ιο.
1442 2117 1490 2165 p.
1530 2102 1608 2162 46.
1686 2102 1849 2150 Amat

340 2175 576 2228 humum
616 2172 975 2236 profundam,
1016 2174 1185 2220 laxam
1228 2182 1279 2218 et
1318 2171 1530 2223 coelum
1571 2184 1845 2227 serenum,

339 2260 443 2298 nec
499 2244 821 2311 pluviosum,
896 2240 1122 2294 Radices
1174 2255 1398 2288 annosas
1450 2238 1713 2303 colligunt
1762 2238 1848 2286 in-

345 2316 492 2362 colae
532 2323 584 2360 et
619 2312 678 2361 in
716 2311 886 2358 frusta
924 2309 1316 2369 conscindunt,
1368 2324 1501 2373 quae
1539 2309 1849 2371 perforant,

345 2393 504 2446 atque
526 2382 582 2436 in
606 2377 900 2445 parietibus
921 2380 1300 2438 tentoriorum,
1342 2379 1427 2427 vel
1453 2377 1613 2427 etiam
1634 2378 1693 2425 in
1714 2377 1847 2439 ipsis

346 2449 619 2505 cornubus
689 2449 898 2508 ovillis,
975 2450 1040 2497 ad
1095 2448 1413 2503 siccandum
1449 2476 1451 2478 -
1482 2447 1840 2511 suspendunt.

344 2522 881 2581 D’Antermony
960 2518 1276 2583 Voyages
1358 2518 1487 2566 dans
1581 2515 1697 2563 div
1724 2531 1844 2563 ers

346 2590 684 2648 contrees
722 2589 786 2645 de
819 2583 1046 2645 l‘Aste
1085 2599 1207 2643 etc.
1247 2587 1290 2641 Ι.
1321 2603 1372 2658 p.
1413 2587 1552 2643 223.
1586 2601 1770 2651 sequ.
