1939 3676
166 73 262 135 434
332 57 866 116 DIDYNAMIA
938 44 1711 105 GYMNOSPERMIA.

413 228 535 268 non
581 202 654 262 ad
693 208 774 260 M.
821 203 1312 277 rocztndzsoliam
1387 201 1572 261 Lina.
1616 193 1718 253 sed
1760 189 1836 251 ad

412 287 751 348 varietatem
794 281 951 340 foliis
995 279 1277 361 ellipticis
1321 278 1452 336 latis
1498 276 1722 334 obtusis
1754 279 1836 331 M.

412 371 740 454 sylvestris
794 367 977 425 Linn·
1022 360 1295 443 pertinet,
1383 361 1569 442 Conf-
1611 360 1842 421 Smich.

415 457 452 514 I.
506 475 553 512 C·

337 612 463 675 Pag.
509 583 641 666 595.
686 589 748 641 M
767 602 800 640 E
817 599 855 640 Ν
874 601 907 639 Τ
926 599 966 637 Η
984 597 1018 636 Α
1061 583 1304 644 viridis.
1349 584 1537 642 Linn·

172 699 312 761 Ico
333 720 392 754 n.
421 776 452 834 b
479 694 632 827 δ’ἔνια
658 689 843 776 Engl.
871 686 1012 747 Boc.
1040 686 1164 745 [ab.
1207 684 1380 756 2424.
1426 685 1576 744 Sole
1597 679 1843 744 Menth-

346 790 409 837 ῐα
458 817 468 828 .
561 816 575 830 .

343 914 469 976 pag.
516 888 647 969 596.
698 892 1024 946 MENTHA
1067 884 1519 966 rotundifolia.
1562 884 1750 944 Linn·

296 1000 375 1054 M.
436 994 860 1070 rotzmdsffolia
910 986 1089 1068 spicis
1134 983 1490 1044 subhirsutis
1546 980 1852 1058 interrup-

425 1072 528 1141 1'18‚
591 1071 748 1128 foliis
808 1069 1086 1149 ellipticis
1143 1067 1368 1146 rugosis
1415 1060 1664 1120 crenat'is
1708 1061 1850 1115 sub-

426 1172 521 1211 tus
565 1151 820 1218 villosiS,
876 1149 1123 1206 bracteis
1180 1145 1542 1208 lanceolaiis.
1624 1144 1850 1205 Smich.

427 1240 464 1298 I·
512 1260 562 1298 c.
610 1261 668 1317 p.
713 1232 848 1290 611.

176 1345 272 1408 Ic
293 1366 328 1402 ο
351 1365 407 1399 n·
490 1339 644 1397 ὅσον.
676 1336 863 1422 Engl.
900 1334 1041 1393 Boc.
1080 1332 1204 1391 cab.
1238 1325 1372 1402 446
1402 1328 1550 1388 Sole
1578 1329 1614 1386 I·
1649 1348 1697 1387 c.
1726 1323 1852 1384 tab.

348 1422 403 1477 5·
451 1419 603 1497 (sub.
643 1420 732 1477 M.
771 1415 1116 1497 sylvestri)

346 1560 479 1622 pag.
526 1532 661 1614 598.
705 1539 767 1592 M
788 1550 1034 1590 ENTHA
1078 1532 1405 1615 aquatica.
1460 1530 1644 1589 Linn.

250 1646 445 1698 Nota.
518 1642 714 1691 Nostra
777 1654 988 1703 semper
1047 1635 1403 1688 verticillato-
1422 1633 1676 1696 capitata,
1713 1644 1856 1677 nun-

420 1728 584 1777 ·quam
623 1710 937 1758 verticillata
975 1716 1090 1765 est,
1128 1707 1205 1753 sic
1243 1703 1406 1749 etiam
1440 1701 1519 1754 M,
1562 1701 1859 1748 hirsuta.

421 1784 513 1831 CI.
578 1779 818 1828 Smith.
874 1778 947 1824 in
1006 1775 1097 1826 Fl.
1158 1772 1325 1823 Brit.
1390 1785 1437 1823 2.
1499 1788 1546 1836 p.
1598 1771 1739 1818 616.
1794 1766 1861 1815 acl

422 1851 483 1901 Μ
508 1851 791 1897 entham
857 1847 1243 1900 hirsutam,
1315 1840 1393 1892 M.
1462 1840 1862 1905 aquaticam.

423 1921 622 1968 Linn.
653 1918 753 1965 sub
785 1916 1131 1974 varietate
1165 1924 1216 1960 et
1241 1909 1313 1959 M.
1341 1910 1634 1958 sativam
1660 1908 1860 1956 Linn.

422 1988 507 2039 M.
532 1987 928 2051 Piperitam
959 1984 1080 2032 Lin
1104 1998 1155 2031 n.
1192 1989 1243 2028 et
1270 1978 1328 2026 M
1352 1979 1638 2026 entham
1667 1992 1865 2040 aqua-

424 2059 640 2107 ticam
692 2055 1064 2103 verticillatam
1106 2050 1342 2115 glabram
1380 2048 1696 2095 rotundiore
1732 2045 1863 2093 folio

425 2126 509 2176 Di
532 2129 597 2175 Η.
650 2141 750 2172 nec
806 2139 918 2170 non
974 2121 1054 2170 M.
1111 2117 1484 2172 verticiuatam
1534 2116 1824 2163 minimam
1851 2147 1867 2171 ‚

428 2195 586 2243 odore
623 2193 1045 2258 fragrantissimo
1085 2192 1228 2238 citat.
1304 2186 1361 2233 M
1385 2203 1410 2233 e
1429 2203 1461 2233 11
1480 2195 1502 2233 t
1518 2187 1551 2234 h
1569 2201 1597 2232 a
1638 2201 1661 2232 s
1679 2200 1706 2232 a
1722 2183 1776 2230 ti
1795 2201 1820 2229 v
1837 2200 1868 2231 a

428 2266 632 2314 Linn.
699 2279 809 2310 non
848 2278 942 2326 pro
983 2261 1243 2307 varietate
1282 2255 1363 2307 M.
1402 2256 1724 2303 hirsutae
1768 2267 1870 2302 seu

430 2351 457 2382 a
477 2351 507 2398 q
527 2333 797 2380 naticae
817 2369 830 2390 ,
883 2330 950 2377 ob
1007 2329 1168 2377 flores
1221 2341 1437 2391 semper
1483 2323 1871 2380 verticillatoff,

428 2419 711 2466 nunquam
751 2402 1041 2465 capitatos‚
1081 2396 1325 2446 habenda
1378 2403 1471 2442 est.
1547 2393 1638 2441 Sic
1671 2406 1866 2440 omnes

430 2474 674 2534 reliquae
715 2470 975 2518 Menthae
1007 2468 1369 2524 vei-ticillatae‚
1411 2463 1730 2528 neutiquam
1771 2476 1867 2525 pro

435 2541 781 2590 varietatibus
821 2539 1241 2590 NLhirsutae
1280 2545 1336 2582 et
1371 2533 1740 2597 aquaticae
1779 2530 1873 2578 ha-

432 2610 642 2681 bendae
683 2620 828 2660 sunt.

366 2737 495 2796 pag.
540 2714 670 2773 600.
717 2729 855 2797 post
897 2717 959 2770 M
978 2726 1288 2772 ΕΝΤΗΑΜ
1332 2708 1717 2791 aquaticam-

205 2841 450 2961 874.*
515 2842 890 2926 7MENTI-{A
938 2834 1297 2924 Citratd
1334 2853 1492 2913 foliis
1553 2851 1737 2913 ovatis
1772 2872 1880 2935 pe-

453 2953 669 3014 ·tiolatis
713 2952 944 3011 serratis
988 2951 1228 3033 glabriS‚
1287 2947 1564 3031 capitulis
1625 2946 1833 3006 retusis
1856 2992 1888 3018 ,-

453 3035 802 3094 staminibus
880 3034 1106 3092 corolla
1178 3030 1562 3090 brevioribus,
1672 3031 1874 3092 Ehrh.

453 3120 649 3183 Beicr.
704 3137 756 3196 7.
798 3142 865 3201 p.
923 3114 1050 3174 150.
