1939 3676
55 283 208 336 Obs.

294 132 892 189 ENNEANDRIA
964 134 1420 185 TRIGYNIA.
1581 149 1672 196 277

279 282 499 330 Radices
551 299 614 330 ex
650 283 842 347 plantis
879 282 1010 345 apud
1054 298 1148 328 nos
1185 282 1336 328 cultis
1362 316 1374 336 ,
1431 280 1491 325 in
1525 279 1675 342 phar·

213 351 395 398 maciis
439 351 632 411 passim
671 351 766 396 sub
807 351 951 398 Rheo
988 349 1330 396 moscovitico
1368 347 1485 395 vidi.
1559 346 1675 392 Dif-

213 418 315 465 fert
351 433 379 463 a
416 417 563 463 Rheo
601 417 841 463 chinensi
877 435 912 466 s.
962 417 1297 463 moscovitico
1336 426 1385 461 et
1431 414 1676 469 sibirico‚

212 485 479 532 radicibus
515 500 605 531 seu
657 485 834 531 frustis
889 483 1210 546 longioribus
1256 486 1425 530 multo
1467 481 1675 527 teniuo-

216 552 391 610 ribus,
430 552 906 613 spongiosioribus‚
955 552 1237 598 levioribus
1276 550 1466 610 pallide
1503 550 1674 595 rubel-

212 620 310 678 lis,
344 619 509 680 magis
547 620 876 673 friabilibus‚
915 629 965 663 et
1001 618 1482 677 adstringentibus,
1519 617 1673 663 odore

214 699 273 734 et
318 701 497 747 sapore
543 686 913 732 rhaban-barino
961 684 1266 731 remissiori.
1355 684 1462 729 Sub
1499 685 1676 731 masti-

196 755 423 818 catione
455 763 628 809 tenax,
649 751 1019 799 indissolubile
1046 750 1171 796 dum
1190 750 1398 795 Rheum
1428 751 1678 797 chinense

147 864 150 868 ,
214 836 307 868 seu
343 821 874 867 moscoviticum
913 830 965 863 et
1002 816 1368 864 sibiricum
1402 820 1675 876 selectum,

209 890 576 945 masticatum,
624 888 681 933 in
720 902 807 932 ore
844 887 1061 936 solvitur

315 1023 533 1069 Radices
562 1021 698 1085 apud
735 1038 832 1069 nos
863 1023 1048 1079 cultae,
1086 1021 1358 1085 hucusque
1397 1037 1494 1084 pro
1531 1021 1677 1069 dolor

213 1091 375 1139 nimis
431 1091 534 1136 cito
584 1101 634 1136 et
680 1100 800 1135 ante
862 1090 1219 1136 maturitatem
1273 1089 1671 1137 effodiebantur.

211 1157 447 1221 Hyemes
485 1169 682 1204 nostras
719 1157 853 1203 bene
885 1157 998 1205 fert.
1072 1156 1170 1203 Sed
1200 1156 1545 1218 requiruntur
1579 1174 1673 1203 io·

212 1241 274 1274 12
313 1225 439 1272 anni
473 1224 537 1270 ad
574 1226 968 1272 incrementum
998 1235 1049 1269 et
1075 1224 1430 1270 maturitatem
1462 1224 1664 1273 radicis,

214 1293 410 1341 Conf.
475 1293 706 1340 Pallas
765 1292 962 1338 Reise
1014 1291 1225 1338 durch
1277 1291 1669 1339 verschied.

208 1360 605 1408 Provinzen
691 1359 815 1407 des
901 1358 1325 1407 Russischen
1398 1357 1671 1408 Rc--iehs,

211 1428 385 1478 Tom.
426 1429 473 1478 3,
513 1443 557 1490 p.
602 1429 708 1490 137‚

311 1563 519 1610 Rheum
569 1564 934 1626 palmatum
996 1562 1238 1626 producit
1289 1560 1672 1608 Rhabarba·

211 1647 354 1678 rum
389 1633 446 1676 in
475 1629 703 1677 officinis
732 1630 763 1676 S
783 1630 947 1677 ibiri
970 1646 1111 1677 cum
1142 1631 1493 1692 appellatum3
1533 1642 1670 1676 certe

212 1715 240 1744 e
278 1699 569 1744 seminibus
606 1715 631 1743 e
671 1698 927 1744 Bucharis
967 1709 1016 1745 et
1055 1697 1306 1744 montosis
1346 1696 1577 1742 Tibeti
1615 1696 1674 1742 in

212 1765 456 1812 Russiarn
486 1763 764 1827 apportatis
804 1774 854 1809 et
891 1776 1066 1826 postea
1092 1765 1234 1819 satis,
1271 1764 1430 1810 hocce
1465 1763 1674 1810 Rheum

210 1834 583 1895 palmatum
641 1843 858 1876 enatum
913 1841 1000 1880 est.
1087 1832 1330 1879 Pallas.
1372 1833 1402 1881 1.
1444 1846 1483 1880 e.
1536 1831 1672 1877 Rha-

210 1898 489 1946 barbarum
539 1915 656 1945 vero
696 1897 1050 1945 Chinense
1089 1914 1152 1945 ex
1189 1899 1287 1944 alia
1325 1898 1498 1960 specie
1539 1898 1674 1944 Rhei

209 1966 511 2026 desumtum
564 1981 672 2012 esse
724 1965 941 2015 videtur.
1031 1966 1111 2014 Ex
1164 1965 1526 2012 observatione
1582 1964 1673 2015 Cl.

209 2033 350 2083 Joh.
406 2033 615 2082 Gottl,
682 2032 940 2093 Georgi
1001 2033 1071 2079 in
1142 2033 1674 2094 Bemerkungen

212 2103 409 2148 einer
457 2100 663 2146 Reise
712 2101 798 2146 im
851 2099 1283 2148 Russischen
1325 2100 1553 2148 Reich.
1611 2099 1672 2149 T.

214 2187 259 2220 .ι.
308 2185 360 2233 p.
410 2184 543 2217 211.
597 2182 727 2217 212.
768 2169 1017 2215 annosior
1067 2168 1210 2215 radix
1267 2167 1404 2213 Rhei
1462 2167 1672 2213 undu·

209 2236 345 2283 lati
428 2236 701 2282 simillima
780 2235 950 2281 evadit
1018 2235 1458 2283 Rhabarbaro
1526 2234 1673 2282 Chi-

210 2303 443 2360 nensi‚
481 2303 644 2358 facie,
683 2303 870 2358 colore,
907 2303 1188 2365 fragrantia
1226 2313 1276 2348 et
1314 2304 1364 2348 vi'
1400 2311 1671 2364 purgante.

212 2370 282 2417 Et
320 2385 438 2418 vero
480 2369 643 2414 credit
678 2370 759 2416 Ill.
803 2370 1031 2417 Pallas
1071 2372 1102 2418 l.
1148 2386 1188 2418 0.
1230 2386 1283 2431 Ρ.
1343 2371 1473 2418 156.
1512 2372 1672 2416 hocce

211 2438 421 2484 Rheum
462 2436 814 2492 undulatum‚
868 2438 1001 2499 quod
1039 2438 1096 2482 in
1142 2438 1396 2483 montosis
1450 2436 1674 2482 Sibiriae

208 2505 414 2568 frigidis
462 2520 519 2550 ac
569 2503 796 2550 humidis
848 2512 905 2550 ut
942 2505 1232 2567 plurimum
1264 2504 1462 2551 laboral>
1489 2504 1673 2550 radici·

209 2572 307 2619 bus
357 2573 642 2633 corrupti-s,
679 2572 736 2617 in
790 2572 1059 2618 montibus
1109 2573 1263 2633 regni·
1300 2571 1456 2617 Tibet
1491 2572 1673 2618 siccio-

207 2640 384 2697 ribus,
441 2640 626 2702 apricis
649 2675 662 2696 ‚
728 2639 995 2700 magisque
1058 2639 1370 2686 australibus
1395 2675 1407 2694 ,
1462 2639 1671 2687 felicius

208 2707 506 2771 provenire,
545 2705 843 2768 radicesque
873 2721 1053 2768 gerere
1085 2707 1505 2765 excellentiores,
1544 2721 1673 2770 quae

206 2776 340 2822 forte
393 2773 786 2822 Rhabarbarum
838 2773 1193 2823 Chinense
1249 2773 1509 2822 eximium
1559 2773 1672 2820 effi-

211 2852 374 2891 ciunt.

312 2966 352 3013 R
375 2964 831 3013 habai-barum
879 2965 1243 3013 Chinense
1310 2964 1538 3011 occurrit
1610 2963 1669 3010 in

210 3033 388 3082 frustis
451 3034 691 3096 oblongis
752 3049 841 3080 seu
899 3033 1236 3080 subrotundis
1258 3069 1271 3089 ,
1322 3033 1449 3079 hinc
1503 3033 1668 3094 planis

213 3101 338 3150 inde
376 3101 797 3150 convexiusculis
821 3136 836 3159 ,
870 3101 1184 3165 palmaribus
1224 3102 1305 3148 vel
1346 3097 1669 3162 longioribus
