1939 3676
159 129 228 179 80
463 78 1529 173 TRIANDRrA'niGYNIA.

159 269 387 351 glabra,
448 263 683 330 viridis,
757 263 955 321 albido
1053 265 1405 344 marginata,
1464 286 1604 321 mox
1677 265 1830 326 infra

159 349 390 434 apicem
434 345 800 402 suhbifidum
849 345 1147 401 minutum
1225 351 1514 408 ,Al-istam,
1561 367 1826 403 exserens

159 427 563 490 tenuissimam
592 470 605 491 ‚
682 426 1152 494 subssexuosam,
1236 443 1484 482 erectam
1519 471 1533 493 ‚
1604 427 1830 484 corolla

158 508 524 588 longiorem,
569 505 701 578 4-5
749 504 928 562 lineas
974 504 1243 584 longam,
1288 528 1356 563 ex
1388 504 1830 564 viridi-rubel-

159 592 294 653 lam.
378 591 685 650 Antheroe
726 602 871 654 11'68,
914 584 1196 654 lineares,
1238 585 1436 644 flavae.

169 734 283 798 Va
305 731 436 793 ria
458 742 497 789 t.
615 729 849 789 Culmis
921 721 1344 807 subpedalibus
1417 727 1829 792 tenerioribus,

409 811 744 948 funiculu,
775 810 1168 892 Spiculisque
1197 805 1610 888 depauperatis
1633 807 1833 865 viridi-

438 910 606 947 uscis.

331 1015 568 1064 Gramen
625 1013 851 1062 omnino
903 1013 1268 1076 pulchellum,
1322 1013 1602 1076 hucusque
1640 1031 1664 1061 a
1714 1014 1832 1062 Flo-

161 1086 309 1139 ,risfie
345 1084 692 1141 Germaniae,
737 1083 1017 1131 Helvetiae
1058 1094 1109 1130 et
1146 1084 1354 1131 Galliae
1391 1085 1508 1132 sine
1549 1083 1709 1131 dubio
1742 1085 1833 1134 vix

163 1155 324 1204 ullibi
363 1154 720 1219 descriptum,
758 1151 1104 1201 denominavi
1145 1154 1202 1200 in
1230 1152 1306 1202 Cl.
1337 1152 1691 1201 Scheuchzeri
1721 1169 1834 1199 me·

162 1225 425 1282 moriam,
466 1224 555 1286 qui
597 1225 627 1271 1.
667 1239 711 1270 c.
751 1222 964 1286 egregie
1002 1220 1136 1269 illud
1177 1222 1474 1285 descripsit.
1527 1220 1593 1270 D.
1633 1221 1837 1286 Brey-

162 1294 363 1352 nius,
406 1292 946 1350 Schenchzem,
988 1290 1211 1338 Gedano
1251 1293 1410 1340 misit.

332 1401 515 1451 Affine
552 1400 636 1450 Br.
679 1417 788 1448 arv
811 1416 837 1447 e
859 1399 994 1459 nsi,
1033 1417 1059 1448 a
1100 1417 1203 1464 quo
1245 1398 1444 1448 differt.
1485 1398 1701 1449 Panic
1723 1399 1836 1446 ula

163 1473 338 1520 multo
401 1470 727 1527 delicatiori,
782 1484 953 1532 sparsa
974 1505 989 1527 ,
1059 1470 1378 1534 pedunculis
1450 1468 1837 1533 pezlicellisque

165 1540 551 1605 copiosioribus
577 1575 591 1597 ,
647 1537 993 1599 longioribus,
1082 1539 1115 1586 S
1138 1556 1166 1601 p
1186 1541 1200 1584 i
1222 1556 1246 1585 c
1268 1556 1297 1584 u
1316 1540 1403 1585 lis
1455 1543 1626 1585 multo
1670 1536 1839 1597 graci-

163 1609 389 1659 lioribus
407 1645 422 1668 ,
460 1608 817 1663 brevioribus,
877 1622 909 1669 4
930 1634 952 1643 -
977 1616 1008 1667 5
1047 1606 1210 1656 floris,
1284 1606 1322 1655 C
1344 1624 1371 1653 o
1392 1624 1416 1653 r
1432 1608 1570 1655 olis
1625 1619 1840 1668 semper

165 1677 456 1739 viridibus,
498 1692 778 1739 nunquam
817 1676 1081 1726 coloratis.
1160 1679 1200 1724 A
1222 1677 1313 1722 ris
1334 1677 1421 1724 tis
1460 1675 1683 1722 flosculo
1721 1682 1837 1722 lon-

164 1747 402 1812 gioribus
455 1745 812 1795 tenuioribus,
900 1741 1142 1792 Demum
1192 1746 1335 1794 foliis
1388 1744 1702 1809 vaginisque
1754 1743 1841 1790 in·

158 1817 449 1866 ferioribus
484 1815 652 1879 magis
690 1822 995 1861 tomentoso
1017 1841 1038 1850 -
1059 1814 1276 1864 villosis.

231 1924 441 1975 Nota.
537 1924 770 1971 Linnaei
828 1922 1115 1970 Bromus
1173 1922 1376 1970 triflo
1399 1938 1514 1973 rus
1537 1961 1550 1982 ‚
1610 1938 1835 1988 gramen

401 1995 680 2057 hucusque
723 1994 1002 2057 permultis
1043 1992 1303 2039 botanieis
1343 1992 1568 2040 dubium
1595 2031 1607 2049 ‚
1666 2006 1721 2039 ut
1771 2007 1840 2043 ex

399 2064 713 2116 Svnonvr‘no
754 2062 785 2109 S
802 2078 828 2108 c
845 2062 879 2108 h
898 2077 924 2108 e
946 2078 979 2109 u
996 2077 1021 2108 c
1040 2062 1074 2110 h
1095 2077 1121 2109 z
1138 2078 1164 2109 e
1180 2061 1240 2110 ri
1277 2064 1501 2127 allegato
1524 2074 1684 2128 patet,
1724 2078 1840 2109 om·

395 2133 531 2181 nino
569 2132 677 2179 huc
714 2131 967 2196 pertinet.

336 2259 466 2322 pag.
517 2238 644 2309 242.
709 2238 923 2291 BROM
946 2253 1028 2291 Us
1085 2251 1446 2298 montanus.
1537 2241 1838 2301 Pollichii

413 2314 796 2375 monentibus
833 2319 1196 2379 Schradero
1233 2333 1288 2373 et
1322 2321 1570 2380 Koclzio
1608 2319 1670 2376 in
1697 2323 1836 2382 Cat.

398 2404 496 2484 pl.
532 2401 743 2487 Palat·
777 2396 1026 2455 omnino
1060 2396 1133 2454 ad
1167 2401 1252 2455 ΒΓ.
1299 2424 1608 2481 asperum.
1645 2405 1839 2464 Lina·

412 2494 683 2562 pertinet.

237 2617 447 2670 Nota.
504 2617 781 2681 Descripsi
818 2634 1038 2683 gramen
1083 2629 1346 2676 nostrum,
1384 2618 1445 2666 acl
1488 2617 1844 2667 individuum.

401 2688 466 2735 ab
521 2687 730 2750 optimo
784 2686 1044 2752 Vulpio
1103 2704 1268 2752 prope
1330 2688 1722 2736 Miihlheim
1786 2697 1841 2736 et

403 2754 904 2805 Badenweiler
965 2759 1182 2808 lectum.
1278 2757 1633 2805 individuum
1694 2769 1839 2805 certe

403 2840 519 2873 non
556 2824 878 2887 perfectum,
917 2825 1009 2874 sed
1055 2827 1473 2891 depauperatum
1516 2827 1602 2876 ΒΥ.
1655 2841 1842 2891 aspe-

406 2895 495 2952 ri,
539 2893 676 2954 quosl
718 2894 856 2942 mihi
899 2894 994 2941 sub
1035 2896 1116 2945 Er,
1160 2906 1522 2954 montano,
1561 2895 1669 2957 iam
1714 2907 1840 2942 ante

405 2962 628 3025 triginta
678 2977 845 3010 annos
897 2965 1060 3015 misit.
1135 2963 1227 3012 Est
1278 2965 1501 3012 omnino
1555 2963 1598 3012 B
1654 2979 1755 3011 mo
1779 2979 1840 3010 n-

405 3043 612 3081 tanus
671 3030 860 3096 Scop.
917 3033 1004 3084 Fl.
1073 3033 1264 3085 Carn.
1327 3052 1363 3083 ι.
1424 3050 1474 3098 p.
1529 3033 1621 3083 82.
1679 3048 1841 3097 quem

410 3100 776 3149 Linnaeus
833 3101 907 3149 in
963 3103 1201 3169 Suppl.
1271 3105 1371 3151 sub
1439 3102 1499 3155 B.
1577 3117 1839 3167 aspero

407 3168 837 3234 comprehendit.

1631 3276 1763 3342 pag.
