1939 3676
597 241 1151 304 CLASSIS
1229 241 1432 303 XIV.

338 398 418 481 D
514 392 712 479 ID
810 391 885 477 ‘I
978 391 1055 477 N
1134 391 1215 478 A
1293 392 1394 477 M
1475 391 1513 476 I
1593 390 1674 477 A

470 575 1554 645 ANGsIOSPERMA.

337 879 468 942 pag,
513 852 649 936 570.
693 868 834 937 post
875 855 1218 923 Enmcm,

177 1022 364 1081 CCCI.
402 1017 442 1063 ²5³
526 1017 573 1073 L
591 1034 612 1074 1
627 1031 667 1074 N
684 1031 724 1074 N
738 1032 774 1070 A
789 1033 824 1071 E
839 1033 892 1079 Α.
974 1017 1191 1078 Bacca
1250 1010 1607 1071 trilocularis
1677 1013 1851 1076 siccas

848 1100 994 1159 Cor.
1039 1095 1468 1216 c'zampanulata.
1552 1098 1690 1160 Cal.
1745 1116 1847 1159 su·-

842 1195 1061 1259 perus,

367 1486 447 1573 D
531 1482 572 1570 1
653 1482 734 1568 D
815 1481 893 1567 Y
971 1481 1047 1569 N
1129 1479 1207 1567 A
1285 1479 1510 1616 Ml
1591 1477 1672 1566 A

560 1667 1477 1732 GYMNOSPERMA.

348 1941 474 2004 pag.
520 1920 651 1998 579.
694 1918 746 1975 T
766 1935 800 1973 E
818 1934 857 1972 U
874 1935 907 1974 C
928 1934 1003 1974 RI
1024 1934 1064 1974 U
1079 1934 1128 1973 Μ
1170 1918 1521 1980 Scordium.
1564 1917 1756 1978 Linn.

184 2042 256 2111 H
267 2068 306 2107 a
326 2047 378 2106 b.
465 2038 632 2096 Circa
688 2041 1036 2102 Carlsruhe
1081 2035 1145 2094 in
1198 2051 1373 2118 prato
1423 2033 1707 2114 sylvatico
1741 2031 1858 2089 hu-

350 2118 517 2181 mido
553 2145 657 2181 am
694 2122 1005 2182 Auczcker.
1088 2116 1256 2175 Circa
1294 2118 1613 2178 Bruclzsczl
1648 2132 1707 2175 et
1734 2118 1857 2177 Ub-

349 2206 528 2267 scadt
562 2198 625 2256 in
653 2197 838 2281 pratis
897 2196 1199 2277 aquaticis,
1283 2195 1450 2254 Circa
1489 2199 1590 2259 W
1589 2198 1859 2257 ertheim

350 2284 416 2341 in
471 2279 654 2363 pratis
698 2277 1140 2336 humidioribus
1195 2285 1393 2361 prope
1436 2279 1763 2342 Heubach.
1813 2290 1857 2338 t·

350 2369 432 2429 D.
484 2364 775 2427 Wibelio.

256 2507 310 2562 N
325 2524 354 2556 o
371 2515 452 2556 ta.
525 2502 711 2552 Herba
748 2503 809 2551 in
840 2501 1030 2551 umbra
1061 2501 1252 2552 siccata
1267 2540 1281 2563 ‚
1316 2503 1378 2551 in
1410 2501 1562 2551 vitris
1594 2501 1735 2549 bene
1766 2499 1861 2547 ob-

424 2569 614 2622 turatis
653 2573 927 2624 servanda,
1001 2571 1153 2620 Dum
1183 2582 1410 2637 spartam
1456 2571 1740 2619 visitatoris
1781 2569 1859 2617 of-

424 2641 716 2690 ficinarum
754 2642 1305 2706 pharmacevticarum
1331 2642 1390 2688 in
1420 2655 1613 2702 magno
1641 2639 1859 2687 Ducatu

427 2711 664 2760 Badensi
719 2709 819 2758 sub
869 2710 991 2758 divo
1043 2709 1080 2759 C
1101 2712 1298 2758 arolo
1350 2708 1554 2757 Fried
1576 2709 1767 2755 erico
1807 2716 1862 2755 et

428 2779 674 2831 Carolo
715 2779 759 2828 L
778 2778 908 2827 udo
927 2779 1082 2826 vico
1119 2777 1315 2839 habui,
1354 2778 1665 2842 saepissime
1696 2776 1749 2823 H
1770 2792 1865 2824 er-

427 2848 461 2897 b
479 2865 504 2896 a
522 2865 577 2895 m
613 2848 645 2895 S
664 2864 691 2896 c
707 2864 736 2896 0
753 2848 822 2895 rd
837 2849 890 2897 ii
926 2864 1038 2896 non
1075 2847 1215 2895 bene
1250 2847 1505 2895 siccatam
1524 2884 1537 2904 ‚
1574 2856 1742 2895 totam
1778 2845 1866 2893 ni-

431 2932 580 2981 gram
600 2953 614 2977 ,
661 2928 965 2981 corruptam
983 2954 996 2976 ‚
1048 2916 1326 2964 inodoram
1343 2953 1355 2973 ‚
1409 2928 1469 2964 ut
1516 2925 1674 2979 caput
1720 2930 1864 2962 mor·

431 2999 590 3034 tuum
607 3021 621 3045 ,
678 3001 745 3033 ex
794 2985 1029 3034 officinis
1078 2985 1298 3036 removi.
1356 2985 1524 3050 Saepe
1576 2985 1608 3032 S
1625 3001 1651 3031 e
1670 3000 1698 3030 o
1716 3000 1741 3031 1·
1758 2982 1789 3029 d
1806 2983 1865 3031 ii

433 3057 583 3113 loeo,
620 3054 844 3102 herbam
883 3053 1366 3103 Scorodoniae
1419 3072 1483 3103 ex
1520 3053 1582 3103 T.
1624 3053 1866 3101 Scoro·

435 3123 649 3174 donia
714 3123 910 3177 Linn.
968 3134 1021 3175 et
1077 3122 1303 3175 herbam
1353 3122 1864 3174 Tertianariae

1729 3205 1797 3240 ex
