1939 3676
201 135 296 182 262
441 127 977 178 OCTANDRIA
1050 124 1627 177 MONOGYNIA.

317 276 383 332 T.
444 272 602 330 foliis
661 271 894 355 peltatis
954 269 1312 335 orbiculatis.
1422 273 1609 333 Linn.
1669 273 1866 334 Horc.

451 359 619 435 Clgff
674 356 798 425 143.

318 490 781 551 Cardamindum
826 487 1104 567 ampliori
1154 489 1299 547 folio
1346 506 1403 546 et
1451 486 1663 568 majori
1697 487 1863 547 flore.

910 573 940 588 9-

442 578 597 636 Few.
636 596 858 654 perun.
908 585 959 628 ὁ.
990 597 1054 653 p.
1117 574 1202 643 14.
1258 575 1385 635 cab.
1430 572 1482 627 8.

319 709 618 770 Acriviola
687 708 938 767 maxima
1003 705 1264 765 odorata.
1363 711 1572 772 Boerh‚
1620 708 1863 798 Lugdb.

456 815 502 856 1,
542 821 606 877 p,
667 796 797 868 244.

321 932 689 991 Nasturtium
731 928 1020 998 indicum,
1103 931 1315 992 Lobel.
1357 929 1533 990 Icon.
1571 925 1703 984 616.

198 1072 410 1132 Icon.
496 1070 693 1155 Regn·
750 1070 873 1129 bot·
923 1068 1136 1127 Curcis
1195 1067 1458 1150 Magaz.
1507 1062 1597 1118 23.

206 1207 456 1267 Germ,
552 1200 1082 1280 Capacinerchen.
1171 1199 1526 1280 Capaciner
1556 1231 1581 1241 -
1614 1199 1866 1260 Kresse.

365 1284 781 1351 Indianisclze
835 1283 1084 1342 Kresse.

204 1423 412 1487 Gall.
503 1418 800 1499 Capacin.
861 1418 959 1480 La
1003 1416 1262 1504 grande
1308 1413 1637 1495 Capacine.

200 1561 319 1626 Ha
339 1558 391 1621 b.
479 1554 548 1607 In
594 1553 762 1610 Peru
853 1547 1083 1609 Colitur
1134 1545 1356 1627 passim
1403 1544 1467 1602 in
1529 1542 1719 1601 hortis
1777 1564 1880 1598 ru-

368 1632 656 1690 sticorum
698 1646 755 1692 et
801 1627 1057 1687 aliorum
1117 1650 1149 1685 e
1198 1625 1416 1704 quibus
1463 1623 1650 1682 rarius
1687 1622 1883 1681 exulat

367 1714 431 1770 in
471 1711 745 1770 ruderata
791 1708 865 1772 ad
916 1729 1101 1792 pagos
1153 1722 1211 1768 et
1268 1708 1460 1766 urbeS.

201 1854 418 1922 flor,
504 1844 667 1903 Julio
701 1889 716 1912 ‚
777 1844 1043 1921 Augusto
1076 1886 1091 1909 ‚
1165 1836 1516 1922 Septembriss
1618 1841 1876 1903 Semina

448 1923 815 2009 Septembri,
857 1922 1106 1981 Octobri
1158 1938 1404 1984 matura,
1443 1925 1514 1999 O

370 2068 626 2135 Pulchra
666 2064 916 2122 omnino
965 2078 1022 2121 et
1065 2062 1296 2142 vulgata
1344 2058 1528 2118 hodie
1567 2057 1730 2143 apud
1772 2079 1881 2117 nos

203 2153 421 2236 planta.
507 2155 579 2213 In
644 2166 937 2232 europam
1001 2143 1162 2203 venit
1232 2142 1382 2216 1684
1439 2162 1581 2199 cura
1633 2144 1879 2205 Bewer-

203 2237 430 2328 ningii..

371 2368 578 2427 Flores
628 2379 762 2422 ante
808 2357 1234 2442 crepusculum
1288 2356 1638 2427 fulminant,
1682 2355 1880 2415 obser-

205 2467 378 2511 vante
434 2452 505 2513 E.
559 2451 622 2510 C.
668 2449 949 2511 Linncea-

207 2603 373 2669 Pha
393 2625 521 2662 rm.
607 2599 777 2665 NAs
799 2618 944 2661 TUR
964 2617 1041 2656 TI
1061 2617 1085 2657 ι
1142 2591 1339 2661 indici
1415 2591 1671 2665 FloreS,
1717 2590 1882 2653 Fru-

457 2693 615 2742 ctus.

349 2820 486 2870 Tota
527 2821 709 2884 planta
759 2834 984 2876 recens,
1036 2814 1351 2879 cumprimis
1390 2811 1549 2860 flores
1589 2824 1642 2860 et
1677 2813 1882 2860 fructus

211 2891 370 2940 odore
430 2901 480 2937 et
530 2904 714 2952 sapore
770 2887 1083 2936 nasturcino
1141 2883 1342 2932 imbuti
1399 2893 1541 2928 sunt.
1615 2881 1797 2931 Flores
1853 2896 1884 2930 a

209 2958 536 3008 nostratibus
580 2957 777 3022 passim
821 2957 1060 3004 acetariis
1098 2954 1371 3002 adduntur
1405 2950 1470 2997 ad
1505 2951 1749 3013 linquam
1789 2950 1881 2998 sti-

210 3028 562 3087 mulandam,
621 3026 894 3091 simulque
947 3025 1092 3074 disco
1147 3031 1534 3071 ornamentum
1589 3019 1885 3068 concilian-

212 3098 361 3148 dum.
435 3096 698 3147 Nondum
747 3096 967 3159 expansi
1019 3094 1180 3141 flores
1232 3102 1284 3138 et
1323 3089 1640 3153 cumprimis
1678 3090 1884 3137 fructus

212 3167 533 3228 immaturi,
590 3180 748 3229 saepe
801 3175 948 3211 aceto
1002 3163 1119 3211 vini
1175 3172 1229 3210 et
1280 3162 1386 3209 sale
1441 3158 1774 3208 condiuntur
1832 3167 1886 3205 et
